%YAML 1.1
%TAG !u! tag:unity3d.com,2011:
--- !u!29 &1
SceneSettings:
  m_ObjectHideFlags: 0
  m_PVSData: 
  m_PVSObjectsArray: []
  m_PVSPortalsArray: []
  m_OcclusionBakeSettings:
    smallestOccluder: 5
    smallestHole: 0.25
    backfaceThreshold: 100
--- !u!104 &2
RenderSettings:
  m_ObjectHideFlags: 0
  serializedVersion: 7
  m_Fog: 0
  m_FogColor: {r: 0.5, g: 0.5, b: 0.5, a: 1}
  m_FogMode: 3
  m_FogDensity: 0.01
  m_LinearFogStart: 0
  m_LinearFogEnd: 300
  m_AmbientSkyColor: {r: 0.212, g: 0.227, b: 0.259, a: 1}
  m_AmbientEquatorColor: {r: 0.114, g: 0.125, b: 0.133, a: 1}
  m_AmbientGroundColor: {r: 0.047, g: 0.043, b: 0.035, a: 1}
  m_AmbientIntensity: 1
  m_AmbientMode: 0
  m_SkyboxMaterial: {fileID: 10304, guid: 0000000000000000f000000000000000, type: 0}
  m_HaloStrength: 0.5
  m_FlareStrength: 1
  m_FlareFadeSpeed: 3
  m_HaloTexture: {fileID: 0}
  m_SpotCookie: {fileID: 10001, guid: 0000000000000000e000000000000000, type: 0}
  m_DefaultReflectionMode: 0
  m_DefaultReflectionResolution: 128
  m_ReflectionBounces: 1
  m_ReflectionIntensity: 1
  m_CustomReflection: {fileID: 0}
  m_Sun: {fileID: 0}
  m_IndirectSpecularColor: {r: 0.44692534, g: 0.49678725, b: 0.5750856, a: 1}
--- !u!157 &3
LightmapSettings:
  m_ObjectHideFlags: 0
  serializedVersion: 7
  m_GIWorkflowMode: 0
  m_GISettings:
    serializedVersion: 2
    m_BounceScale: 1
    m_IndirectOutputScale: 1
    m_AlbedoBoost: 1
    m_TemporalCoherenceThreshold: 1
    m_EnvironmentLightingMode: 0
    m_EnableBakedLightmaps: 1
    m_EnableRealtimeLightmaps: 1
  m_LightmapEditorSettings:
    serializedVersion: 4
    m_Resolution: 2
    m_BakeResolution: 40
    m_TextureWidth: 1024
    m_TextureHeight: 1024
    m_AO: 0
    m_AOMaxDistance: 1
    m_CompAOExponent: 1
    m_CompAOExponentDirect: 0
    m_Padding: 2
    m_LightmapParameters: {fileID: 0}
    m_LightmapsBakeMode: 1
    m_TextureCompression: 1
    m_DirectLightInLightProbes: 1
    m_FinalGather: 0
    m_FinalGatherFiltering: 1
    m_FinalGatherRayCount: 256
    m_ReflectionCompression: 2
  m_LightingDataAsset: {fileID: 0}
  m_RuntimeCPUUsage: 25
--- !u!196 &4
NavMeshSettings:
  serializedVersion: 2
  m_ObjectHideFlags: 0
  m_BuildSettings:
    serializedVersion: 2
    agentRadius: 0.5
    agentHeight: 2
    agentSlope: 45
    agentClimb: 0.4
    ledgeDropHeight: 0
    maxJumpAcrossDistance: 0
    accuratePlacement: 0
    minRegionArea: 2
    cellSize: 0.16666667
    manualCellSize: 0
  m_NavMeshData: {fileID: 0}
--- !u!1001 &156082899
Prefab:
  m_ObjectHideFlags: 0
  serializedVersion: 2
  m_Modification:
    m_TransformParent: {fileID: 0}
    m_Modifications:
    - target: {fileID: 4000012255837120, guid: 9c0aa76b9f6b14d4584f845ac742d2d7, type: 2}
      propertyPath: m_LocalPosition.x
      value: -0.07627106
      objectReference: {fileID: 0}
    - target: {fileID: 4000012255837120, guid: 9c0aa76b9f6b14d4584f845ac742d2d7, type: 2}
      propertyPath: m_LocalPosition.y
      value: -0.024963379
      objectReference: {fileID: 0}
    - target: {fileID: 4000012255837120, guid: 9c0aa76b9f6b14d4584f845ac742d2d7, type: 2}
      propertyPath: m_LocalPosition.z
      value: 0.0028076172
      objectReference: {fileID: 0}
    - target: {fileID: 4000012255837120, guid: 9c0aa76b9f6b14d4584f845ac742d2d7, type: 2}
      propertyPath: m_LocalRotation.x
      value: 0
      objectReference: {fileID: 0}
    - target: {fileID: 4000012255837120, guid: 9c0aa76b9f6b14d4584f845ac742d2d7, type: 2}
      propertyPath: m_LocalRotation.y
      value: 0
      objectReference: {fileID: 0}
    - target: {fileID: 4000012255837120, guid: 9c0aa76b9f6b14d4584f845ac742d2d7, type: 2}
      propertyPath: m_LocalRotation.z
      value: 0
      objectReference: {fileID: 0}
    - target: {fileID: 4000012255837120, guid: 9c0aa76b9f6b14d4584f845ac742d2d7, type: 2}
      propertyPath: m_LocalRotation.w
      value: 1
      objectReference: {fileID: 0}
    - target: {fileID: 4000012255837120, guid: 9c0aa76b9f6b14d4584f845ac742d2d7, type: 2}
      propertyPath: m_RootOrder
      value: 4
      objectReference: {fileID: 0}
    m_RemovedComponents: []
  m_ParentPrefab: {fileID: 100100000, guid: 9c0aa76b9f6b14d4584f845ac742d2d7, type: 2}
  m_IsPrefabParent: 0
--- !u!1001 &395137548
Prefab:
  m_ObjectHideFlags: 0
  serializedVersion: 2
  m_Modification:
    m_TransformParent: {fileID: 0}
    m_Modifications:
    - target: {fileID: 4000013219102228, guid: be8c3fcd50fc4d442bb47f0b5210a94c, type: 2}
      propertyPath: m_LocalPosition.x
      value: 0
      objectReference: {fileID: 0}
    - target: {fileID: 4000013219102228, guid: be8c3fcd50fc4d442bb47f0b5210a94c, type: 2}
      propertyPath: m_LocalPosition.y
      value: 0
      objectReference: {fileID: 0}
    - target: {fileID: 4000013219102228, guid: be8c3fcd50fc4d442bb47f0b5210a94c, type: 2}
      propertyPath: m_LocalPosition.z
      value: -9.362085
      objectReference: {fileID: 0}
    - target: {fileID: 4000013219102228, guid: be8c3fcd50fc4d442bb47f0b5210a94c, type: 2}
      propertyPath: m_LocalRotation.x
      value: 0
      objectReference: {fileID: 0}
    - target: {fileID: 4000013219102228, guid: be8c3fcd50fc4d442bb47f0b5210a94c, type: 2}
      propertyPath: m_LocalRotation.y
      value: 0
      objectReference: {fileID: 0}
    - target: {fileID: 4000013219102228, guid: be8c3fcd50fc4d442bb47f0b5210a94c, type: 2}
      propertyPath: m_LocalRotation.z
      value: 0
      objectReference: {fileID: 0}
    - target: {fileID: 4000013219102228, guid: be8c3fcd50fc4d442bb47f0b5210a94c, type: 2}
      propertyPath: m_LocalRotation.w
      value: 1
      objectReference: {fileID: 0}
    - target: {fileID: 4000013219102228, guid: be8c3fcd50fc4d442bb47f0b5210a94c, type: 2}
      propertyPath: m_RootOrder
      value: 2
      objectReference: {fileID: 0}
    - target: {fileID: 54000013201992308, guid: be8c3fcd50fc4d442bb47f0b5210a94c,
        type: 2}
      propertyPath: m_UseGravity
      value: 0
      objectReference: {fileID: 0}
    m_RemovedComponents: []
  m_ParentPrefab: {fileID: 100100000, guid: be8c3fcd50fc4d442bb47f0b5210a94c, type: 2}
  m_IsPrefabParent: 0
--- !u!4 &1239793726 stripped
Transform:
  m_PrefabParentObject: {fileID: 4000013058353336, guid: 9655b9c92371ec246b86fd8cef16a521,
    type: 2}
  m_PrefabInternal: {fileID: 2040869814}
--- !u!1 &1605421199
GameObject:
  m_ObjectHideFlags: 0
  m_PrefabParentObject: {fileID: 1000010302314350, guid: c77edf49f738522499bb884b1f127d16,
    type: 2}
  m_PrefabInternal: {fileID: 0}
  serializedVersion: 4
  m_Component:
  - 4: {fileID: 1605421200}
  - 135: {fileID: 1605421203}
  - 54: {fileID: 1605421202}
  - 114: {fileID: 1605421201}
  m_Layer: 0
  m_Name: PickupCollider
  m_TagString: Untagged
  m_Icon: {fileID: 0}
  m_NavMeshLayer: 0
  m_StaticEditorFlags: 0
  m_IsActive: 1
--- !u!4 &1605421200
Transform:
  m_ObjectHideFlags: 0
  m_PrefabParentObject: {fileID: 4000010294906356, guid: c77edf49f738522499bb884b1f127d16,
    type: 2}
  m_PrefabInternal: {fileID: 0}
  m_GameObject: {fileID: 1605421199}
  m_LocalRotation: {x: 0, y: 0, z: 0, w: 1}
  m_LocalPosition: {x: 0, y: 0, z: 0}
  m_LocalScale: {x: 1, y: 1, z: 1}
  m_LocalEulerAnglesHint: {x: 0, y: 0, z: 0}
  m_Children: []
  m_Father: {fileID: 1927508773}
  m_RootOrder: 1
--- !u!114 &1605421201
MonoBehaviour:
  m_ObjectHideFlags: 0
  m_PrefabParentObject: {fileID: 114000013579044470, guid: c77edf49f738522499bb884b1f127d16,
    type: 2}
  m_PrefabInternal: {fileID: 0}
  m_GameObject: {fileID: 1605421199}
  m_Enabled: 1
  m_EditorHideFlags: 0
  m_Script: {fileID: 11500000, guid: 4854bba8124c8934f86eecfd12750326, type: 3}
  m_Name: 
  m_EditorClassIdentifier: 
--- !u!54 &1605421202
Rigidbody:
  m_ObjectHideFlags: 0
  m_PrefabParentObject: {fileID: 54000010633908942, guid: c77edf49f738522499bb884b1f127d16,
    type: 2}
  m_PrefabInternal: {fileID: 0}
  m_GameObject: {fileID: 1605421199}
  serializedVersion: 2
  m_Mass: 1
  m_Drag: 0
  m_AngularDrag: 0.05
  m_UseGravity: 0
  m_IsKinematic: 0
  m_Interpolate: 0
  m_Constraints: 126
  m_CollisionDetection: 0
--- !u!135 &1605421203
SphereCollider:
  m_ObjectHideFlags: 0
  m_PrefabParentObject: {fileID: 135000011738629042, guid: c77edf49f738522499bb884b1f127d16,
    type: 2}
  m_PrefabInternal: {fileID: 0}
  m_GameObject: {fileID: 1605421199}
  m_Material: {fileID: 0}
  m_IsTrigger: 1
  m_Enabled: 1
  serializedVersion: 2
  m_Radius: 0.5
  m_Center: {x: 0, y: 0, z: 0}
--- !u!1 &1616294060
GameObject:
  m_ObjectHideFlags: 0
  m_PrefabParentObject: {fileID: 0}
  m_PrefabInternal: {fileID: 0}
  serializedVersion: 4
  m_Component:
  - 4: {fileID: 1616294065}
  - 20: {fileID: 1616294064}
  - 92: {fileID: 1616294063}
  - 124: {fileID: 1616294062}
  - 81: {fileID: 1616294061}
  m_Layer: 0
  m_Name: Main Camera
  m_TagString: MainCamera
  m_Icon: {fileID: 0}
  m_NavMeshLayer: 0
  m_StaticEditorFlags: 0
  m_IsActive: 1
--- !u!81 &1616294061
AudioListener:
  m_ObjectHideFlags: 0
  m_PrefabParentObject: {fileID: 0}
  m_PrefabInternal: {fileID: 0}
  m_GameObject: {fileID: 1616294060}
  m_Enabled: 1
--- !u!124 &1616294062
Behaviour:
  m_ObjectHideFlags: 0
  m_PrefabParentObject: {fileID: 0}
  m_PrefabInternal: {fileID: 0}
  m_GameObject: {fileID: 1616294060}
  m_Enabled: 1
--- !u!92 &1616294063
Behaviour:
  m_ObjectHideFlags: 0
  m_PrefabParentObject: {fileID: 0}
  m_PrefabInternal: {fileID: 0}
  m_GameObject: {fileID: 1616294060}
  m_Enabled: 1
--- !u!20 &1616294064
Camera:
  m_ObjectHideFlags: 0
  m_PrefabParentObject: {fileID: 0}
  m_PrefabInternal: {fileID: 0}
  m_GameObject: {fileID: 1616294060}
  m_Enabled: 1
  serializedVersion: 2
  m_ClearFlags: 1
  m_BackGroundColor: {r: 0.19215687, g: 0.3019608, b: 0.4745098, a: 0}
  m_NormalizedViewPortRect:
    serializedVersion: 2
    x: 0
    y: 0
    width: 1
    height: 1
  near clip plane: 0.3
  far clip plane: 1000
  field of view: 60
  orthographic: 0
  orthographic size: 5
  m_Depth: -1
  m_CullingMask:
    serializedVersion: 2
    m_Bits: 4294967295
  m_RenderingPath: -1
  m_TargetTexture: {fileID: 0}
  m_TargetDisplay: 0
  m_TargetEye: 3
  m_HDR: 0
  m_OcclusionCulling: 1
  m_StereoConvergence: 10
  m_StereoSeparation: 0.022
  m_StereoMirrorMode: 0
--- !u!4 &1616294065
Transform:
  m_ObjectHideFlags: 0
  m_PrefabParentObject: {fileID: 0}
  m_PrefabInternal: {fileID: 0}
  m_GameObject: {fileID: 1616294060}
  m_LocalRotation: {x: 0, y: 0, z: 0, w: 1}
  m_LocalPosition: {x: 0, y: 1, z: -10}
  m_LocalScale: {x: 1, y: 1, z: 1}
  m_LocalEulerAnglesHint: {x: 0, y: 0, z: 0}
  m_Children: []
  m_Father: {fileID: 0}
  m_RootOrder: 0
--- !u!1 &1927508772
GameObject:
  m_ObjectHideFlags: 0
  m_PrefabParentObject: {fileID: 1000011248320370, guid: c77edf49f738522499bb884b1f127d16,
    type: 2}
  m_PrefabInternal: {fileID: 0}
  serializedVersion: 4
  m_Component:
  - 4: {fileID: 1927508773}
  - 64: {fileID: 1927508778}
  - 33: {fileID: 1927508777}
  - 114: {fileID: 1927508776}
  - 23: {fileID: 1927508775}
  - 114: {fileID: 1927508774}
  m_Layer: 0
  m_Name: Pickup
  m_TagString: Untagged
  m_Icon: {fileID: 0}
  m_NavMeshLayer: 0
  m_StaticEditorFlags: 0
  m_IsActive: 1
--- !u!4 &1927508773
Transform:
  m_ObjectHideFlags: 0
  m_PrefabParentObject: {fileID: 4000011136251092, guid: c77edf49f738522499bb884b1f127d16,
    type: 2}
  m_PrefabInternal: {fileID: 0}
  m_GameObject: {fileID: 1927508772}
  m_LocalRotation: {x: 0.5, y: -0, z: -0, w: 0.8660254}
  m_LocalPosition: {x: 0, y: 0, z: 0}
  m_LocalScale: {x: 1, y: 0.19999997, z: 1}
  m_LocalEulerAnglesHint: {x: 60, y: 0, z: 0}
  m_Children:
  - {fileID: 1239793726}
  - {fileID: 1605421200}
  m_Father: {fileID: 2109389179}
  m_RootOrder: 0
--- !u!114 &1927508774
MonoBehaviour:
  m_ObjectHideFlags: 0
  m_PrefabParentObject: {fileID: 114000011900288472, guid: c77edf49f738522499bb884b1f127d16,
    type: 2}
  m_PrefabInternal: {fileID: 0}
  m_GameObject: {fileID: 1927508772}
  m_Enabled: 1
  m_EditorHideFlags: 0
  m_Script: {fileID: 11500000, guid: 4854bba8124c8934f86eecfd12750326, type: 3}
  m_Name: 
  m_EditorClassIdentifier: 
--- !u!23 &1927508775
MeshRenderer:
  m_ObjectHideFlags: 0
  m_PrefabParentObject: {fileID: 23000010751969710, guid: c77edf49f738522499bb884b1f127d16,
    type: 2}
  m_PrefabInternal: {fileID: 0}
  m_GameObject: {fileID: 1927508772}
  m_Enabled: 1
  m_CastShadows: 1
  m_ReceiveShadows: 1
  m_MotionVectors: 1
  m_LightProbeUsage: 1
  m_ReflectionProbeUsage: 1
  m_Materials:
  - {fileID: 2100000, guid: 1e2b520f3138a8f4db7e435e03962675, type: 2}
  m_SubsetIndices: 
  m_StaticBatchRoot: {fileID: 0}
  m_ProbeAnchor: {fileID: 0}
  m_LightProbeVolumeOverride: {fileID: 0}
  m_ScaleInLightmap: 1
  m_PreserveUVs: 0
  m_IgnoreNormalsForChartDetection: 0
  m_ImportantGI: 0
  m_SelectedWireframeHidden: 0
  m_MinimumChartSize: 4
  m_AutoUVMaxDistance: 0.5
  m_AutoUVMaxAngle: 89
  m_LightmapParameters: {fileID: 0}
  m_SortingLayerID: 0
  m_SortingOrder: 0
--- !u!114 &1927508776
MonoBehaviour:
  m_ObjectHideFlags: 0
  m_PrefabParentObject: {fileID: 114000010831735632, guid: c77edf49f738522499bb884b1f127d16,
    type: 2}
  m_PrefabInternal: {fileID: 0}
  m_GameObject: {fileID: 1927508772}
  m_Enabled: 1
  m_EditorHideFlags: 0
  m_Script: {fileID: 11500000, guid: 5e138fbc90885ae45bce9f7cfbb8d9fd, type: 3}
  m_Name: 
  m_EditorClassIdentifier: 
--- !u!33 &1927508777
MeshFilter:
  m_ObjectHideFlags: 0
  m_PrefabParentObject: {fileID: 33000014148098266, guid: c77edf49f738522499bb884b1f127d16,
    type: 2}
  m_PrefabInternal: {fileID: 0}
  m_GameObject: {fileID: 1927508772}
  m_Mesh: {fileID: 0}
--- !u!64 &1927508778
MeshCollider:
  m_ObjectHideFlags: 0
  m_PrefabParentObject: {fileID: 64000012423891676, guid: c77edf49f738522499bb884b1f127d16,
    type: 2}
  m_PrefabInternal: {fileID: 0}
  m_GameObject: {fileID: 1927508772}
  m_Material: {fileID: 0}
  m_IsTrigger: 0
  m_Enabled: 1
  serializedVersion: 2
  m_Convex: 0
  m_Mesh: {fileID: 0}
--- !u!1 &1994159630
GameObject:
  m_ObjectHideFlags: 0
  m_PrefabParentObject: {fileID: 0}
  m_PrefabInternal: {fileID: 0}
  serializedVersion: 4
  m_Component:
  - 4: {fileID: 1994159632}
  - 108: {fileID: 1994159631}
  m_Layer: 0
  m_Name: Directional Light
  m_TagString: Untagged
  m_Icon: {fileID: 0}
  m_NavMeshLayer: 0
  m_StaticEditorFlags: 0
  m_IsActive: 1
--- !u!108 &1994159631
Light:
  m_ObjectHideFlags: 0
  m_PrefabParentObject: {fileID: 0}
  m_PrefabInternal: {fileID: 0}
  m_GameObject: {fileID: 1994159630}
  m_Enabled: 1
  serializedVersion: 7
  m_Type: 1
  m_Color: {r: 1, g: 0.95686275, b: 0.8392157, a: 1}
  m_Intensity: 1
  m_Range: 10
  m_SpotAngle: 30
  m_CookieSize: 10
  m_Shadows:
    m_Type: 2
    m_Resolution: -1
    m_CustomResolution: -1
    m_Strength: 1
    m_Bias: 0.05
    m_NormalBias: 0.4
    m_NearPlane: 0.2
  m_Cookie: {fileID: 0}
  m_DrawHalo: 0
  m_Flare: {fileID: 0}
  m_RenderMode: 0
  m_CullingMask:
    serializedVersion: 2
    m_Bits: 4294967295
  m_Lightmapping: 4
  m_AreaSize: {x: 1, y: 1}
  m_BounceIntensity: 1
  m_ShadowRadius: 0
  m_ShadowAngle: 0
--- !u!4 &1994159632
Transform:
  m_ObjectHideFlags: 0
  m_PrefabParentObject: {fileID: 0}
  m_PrefabInternal: {fileID: 0}
  m_GameObject: {fileID: 1994159630}
  m_LocalRotation: {x: 0.40821788, y: -0.23456968, z: 0.10938163, w: 0.8754261}
  m_LocalPosition: {x: 0, y: 3, z: 0}
  m_LocalScale: {x: 1, y: 1, z: 1}
  m_LocalEulerAnglesHint: {x: 50, y: -30, z: 0}
  m_Children: []
  m_Father: {fileID: 0}
  m_RootOrder: 3
--- !u!1001 &2040869814
Prefab:
  m_ObjectHideFlags: 0
  serializedVersion: 2
  m_Modification:
    m_TransformParent: {fileID: 1927508773}
    m_Modifications:
    - target: {fileID: 4000013058353336, guid: 9655b9c92371ec246b86fd8cef16a521, type: 2}
      propertyPath: m_LocalPosition.x
      value: 0
      objectReference: {fileID: 0}
    - target: {fileID: 4000013058353336, guid: 9655b9c92371ec246b86fd8cef16a521, type: 2}
      propertyPath: m_LocalPosition.y
      value: 0.01
      objectReference: {fileID: 0}
    - target: {fileID: 4000013058353336, guid: 9655b9c92371ec246b86fd8cef16a521, type: 2}
      propertyPath: m_LocalPosition.z
      value: 0
      objectReference: {fileID: 0}
    - target: {fileID: 4000013058353336, guid: 9655b9c92371ec246b86fd8cef16a521, type: 2}
      propertyPath: m_LocalRotation.x
      value: 0
      objectReference: {fileID: 0}
    - target: {fileID: 4000013058353336, guid: 9655b9c92371ec246b86fd8cef16a521, type: 2}
      propertyPath: m_LocalRotation.y
      value: 0.2588191
      objectReference: {fileID: 0}
    - target: {fileID: 4000013058353336, guid: 9655b9c92371ec246b86fd8cef16a521, type: 2}
      propertyPath: m_LocalRotation.z
      value: 0
      objectReference: {fileID: 0}
    - target: {fileID: 4000013058353336, guid: 9655b9c92371ec246b86fd8cef16a521, type: 2}
      propertyPath: m_LocalRotation.w
      value: 0.9659258
      objectReference: {fileID: 0}
    - target: {fileID: 4000013058353336, guid: 9655b9c92371ec246b86fd8cef16a521, type: 2}
      propertyPath: m_RootOrder
      value: 0
      objectReference: {fileID: 0}
    m_RemovedComponents: []
  m_ParentPrefab: {fileID: 100100000, guid: 9655b9c92371ec246b86fd8cef16a521, type: 2}
  m_IsPrefabParent: 0
--- !u!1 &2109389177
GameObject:
  m_ObjectHideFlags: 0
  m_PrefabParentObject: {fileID: 1000010051856208, guid: c77edf49f738522499bb884b1f127d16,
    type: 2}
  m_PrefabInternal: {fileID: 0}
  serializedVersion: 4
  m_Component:
  - 4: {fileID: 2109389179}
  - 114: {fileID: 2109389178}
  m_Layer: 0
  m_Name: PickupSpawn
  m_TagString: Untagged
  m_Icon: {fileID: 0}
  m_NavMeshLayer: 0
  m_StaticEditorFlags: 0
  m_IsActive: 1
--- !u!114 &2109389178
MonoBehaviour:
  m_ObjectHideFlags: 0
  m_PrefabParentObject: {fileID: 114000010339847478, guid: c77edf49f738522499bb884b1f127d16,
    type: 2}
  m_PrefabInternal: {fileID: 0}
  m_GameObject: {fileID: 2109389177}
  m_Enabled: 1
  m_EditorHideFlags: 0
  m_Script: {fileID: 11500000, guid: d2ca8eb22fe3f99429f03e92f7fb54b9, type: 3}
  m_Name: 
  m_EditorClassIdentifier: 
  timeBetweenSpawns: 5
--- !u!4 &2109389179
Transform:
  m_ObjectHideFlags: 0
  m_PrefabParentObject: {fileID: 4000013197707374, guid: c77edf49f738522499bb884b1f127d16,
    type: 2}
  m_PrefabInternal: {fileID: 0}
  m_GameObject: {fileID: 2109389177}
  m_LocalRotation: {x: 0, y: 0, z: 0, w: 1}
  m_LocalPosition: {x: 0, y: -0, z: 0}
  m_LocalScale: {x: 1, y: 1, z: 1}
  m_LocalEulerAnglesHint: {x: 0, y: 0, z: 0}
  m_Children:
  - {fileID: 1927508773}
  m_Father: {fileID: 0}
  m_RootOrder: 1
